@BOOK{Stevens-Lewis,
	AUTHOR =       {Stevens, B. L. and Lewis, F. L.},
	TITLE =        {Aircraft Control and Simulation},
	PUBLISHER =    {Wiley-Interscience},
	YEAR =         {2003},
}

@BOOK{Mclean,
	AUTHOR =       {McLean, D.},
	TITLE =        {Automatic flight control systems},
	PUBLISHER =    {Prentice Hall},
	YEAR =         {1990},
}

@book{Nelson,
	title={Flight stability and automatic control},
	author={Nelson, Robert C},
    edition = {2nd},
	year={1998},
	publisher={McGraw-Hill}
}

@book{Junkins,
  title={Optimal estimation of dynamic systems},
  author={Crassidis, John L and Junkins, John L},
  year={2011},
  publisher={CRC press}
}

@article{Hassan2016_JAST,
  title={Airplane loss of control problem: Linear controllability analysis},
  author={Hassan, Ahmed M and Taha, Haithem E},
  journal={Aerospace Science and Technology},
  volume={55},
  pages={264--271},
  year={2016},
  publisher={Elsevier}
}

@online{odeint_website,
    title = "odeint - http://headmyshoulder.github.io/odeint-v2/",
}